<?xml version="1.0" encoding="UTF-8"?><collection xmlns="http://www.loc.gov/MARC21/slim"><record><leader>00515nam--2200181-i-4500</leader><controlfield tag="001">000013326</controlfield><controlfield tag="002">20161230</controlfield><controlfield tag="005">20161230201030</controlfield><controlfield tag="008">060222s1000------------r-----000-0-fre-d</controlfield><datafield ind1=" " ind2=" " tag="040"><subfield code="a">IFIN-HH</subfield></datafield><datafield ind1=" " ind2=" " tag="041"><subfield code="a">fre</subfield></datafield><datafield ind1=" " ind2=" " tag="080"><subfield code="a">536:552(043)</subfield></datafield><datafield ind1="1" ind2=" " tag="100"><subfield code="a">Bonnet, Guy</subfield></datafield><datafield ind1="1" ind2="0" tag="245"><subfield code="a">Contribution a la thermomecanique des milieux discontinus. application a la mecanique des roches</subfield><subfield code="b">These</subfield><subfield code="c">Guy bonnet</subfield></datafield><datafield ind1=" " ind2=" " tag="260"><subfield code="a">Montpellier</subfield><subfield code="b">Universite</subfield><subfield code="c">1977</subfield></datafield><datafield ind1=" " ind2=" " tag="300"><subfield code="a">176 P</subfield></datafield><datafield ind1=" " ind2=" " tag="852"><subfield code="a">48389</subfield><subfield code="c">536</subfield></datafield><datafield ind1=" " ind2=" " tag="CAT"><subfield code="a">Sys</subfield><subfield code="c">20110510</subfield><subfield code="h">113848</subfield></datafield></record></collection>